@article{harris,
  author       = {Chris Harris, Mike Stephens}, 
  title        = {A Combined Corner and Edge Detector},
  journal      = {Alvey Vision Conference},
  year         = 1988,
  note         = {Zugriff 28.10.2019; Verantwortliche: Anna Nieto-Berezhinskaya, Laurenz E. Fiala},
  howpublished = "\url{http://www.bmva.org/bmvc/1988/avc-88-023.pdf}"
}

@article{otsu,
  author       = {Nobuyuki Otsu}, 
  title        = {A Threshold Selection Method from Gray-Level Histograms},
  journal      = {Computer Graphic},
  year         = 1979,
  note         = {Zugriff 5.1.2019; Verantwortliche: Laurenz E. Fiala},
  howpublished = "\url{https://engineering.purdue.edu/kak/computervision/ECE661.08/OTSU_paper.pdf}"
}

@article{integralimg,
  author       = {Franklin C. Crow}, 
  title        = {Summed-Area Tables for Texture Mapping},
  year         = 1984,
  note         = {Zugriff 12.11.2019; Verantwortliche: Laurenz E. Fiala},
  howpublished = "\url{http://delivery.acm.org/10.1145/810000/808600/p207-crow.pdf}"
}

@article{ocrTreir,
  author       = {OIVIND DUE TRIER, ANIL K. JAIN and TORFINN TAXT},
  title	       = {FEATURE EXTRACTION METHODS FOR CHARACTER RECOGNITION--A SURVEY},
  year         = 1995,
  note         = {Zugriff 28.10.2019; Verantwortliche: Aleksandar Vucenovic},
  howpublished = "\url{https://www2.cs.sfu.ca/CourseCentral/414/li/material/refs/OCR-survey-96.pdf}"
}

@article{nip,
  author       = {J. P. Lewis},
  title	       = {Fast Normalized Cross-Correlation},
  year         = 1995,
  note         = {Zugriff 5.1.2019; Verantwortliche: Aleksandar Vucenovic},
  howpublished = "\url{http://scribblethink.org/Work/nvisionInterface/nip.pdf}"
}